<record><leader>00000cas a22000007a 4500</leader><controlfield tag="001">18433109</controlfield><controlfield tag="008">880831d18821883idudn ne      0    0eng d</controlfield><datafield ind1=" " ind2=" " tag="010"><subfield code="a">sn 88056016 </subfield></datafield><datafield ind1=" " ind2=" " tag="040"><subfield code="a">NVB</subfield><subfield code="b">eng</subfield><subfield code="c">NVB</subfield><subfield code="d">OCLCQ</subfield><subfield code="d">OCLCF</subfield><subfield code="d">OCLCO</subfield></datafield><datafield ind1=" " ind2=" " tag="042"><subfield code="a">msc</subfield></datafield><datafield ind1=" " ind2=" " tag="043"><subfield code="a">n-us-id</subfield></datafield><datafield ind1="0" ind2="0" tag="245"><subfield code="a">Bellevue daily sun.</subfield></datafield><datafield ind1=" " ind2=" " tag="260"><subfield code="a">Bellevue, Idaho,</subfield><subfield code="c">Henderson &amp; Sutherland</subfield></datafield><datafield ind1=" " ind2=" " tag="300"><subfield code="a">v.</subfield></datafield><datafield ind1=" " ind2=" " tag="310"><subfield code="a">Daily (except Sun.)</subfield></datafield><datafield ind1="1" ind2=" " tag="362"><subfield code="a">Began in Sept. 1882; ceased Aug. 31, 1883?</subfield></datafield><datafield ind1=" " ind2=" " tag="500"><subfield code="a">Possibly triweekly, 1883.</subfield></datafield><datafield ind1=" " ind2=" " tag="588"><subfield code="a">Description based on: Vol. 1, no. 29 (Oct. 16, 1882).</subfield></datafield><datafield ind1=" " ind2="0" tag="651"><subfield code="a">Bellevue (Idaho)</subfield><subfield code="v">Newspapers.</subfield></datafield><datafield ind1=" " ind2="7" tag="655"><subfield code="a">Newspapers.</subfield><subfield code="2">fast</subfield><subfield code="0">(OCoLC)fst01423814</subfield></datafield><datafield ind1=" " ind2="7" tag="651"><subfield code="a">Idaho</subfield><subfield code="z">Bellevue.</subfield><subfield code="2">fast</subfield><subfield code="0">(OCoLC)fst01251516</subfield></datafield><datafield ind1=" " ind2=" " tag="752"><subfield code="a">United States</subfield><subfield code="b">Idaho</subfield><subfield code="c">Blaine</subfield><subfield code="d">Bellevue.</subfield></datafield><datafield ind1=" " ind2=" " tag="752"><subfield code="a">United States</subfield><subfield code="b">Idaho</subfield><subfield code="c">Alturas</subfield><subfield code="d">Bellevue.</subfield></datafield></record>